@mics{Enigma,
	title = {Enigma german code device},
	howpublished = {\url{
	                https://www.britannica.com/topic/Enigma-German-code-device}},
	year = {дата обращения: 17.09.2023},
}

@misc{c++,
	title = {Язык программирования C++},
	howpublished = {\url{
	                https://learn.microsoft.com/en-us/cpp/cpp/cpp-language-reference?view=msvc-170
	                }},
	year = {дата обращения: 17.09.2023},
}

@misc{nvim,
	title = {Neovim},
	howpublished = {\url{https://neovim.io/}},
	year = {дата обращения: 17.09.2023},
}
