@mics{des,
	title = {The DES Algorithm Illustrated},
	howpublished = {\url{https://page.math.tu-berlin.de/~
	                kant/teaching/hess/krypto-ws2006/des.html}},
	year = {дата обращения: 14.10.2023},
}

@mics{pcbc,
	title = {What are the Counter and PCBC Modes?},
	howpublished = {\url{
	                http://altlasten.lutz.donnerhacke.de/mitarb/lutz/security/cryptfaq/q84.html
	                }},
	year = {дата обращения: 14.10.2023},
}

@misc{c++,
	title = {Язык программирования C++},
	howpublished = {\url{
	                https://learn.microsoft.com/en-us/cpp/cpp/cpp-language-reference?view=msvc-170
	                }},
	year = {дата обращения: 14.10.2023},
}

@misc{nvim,
	title = {Neovim},
	howpublished = {\url{https://neovim.io/}},
	year = {дата обращения: 14.10.2023},
}
